101 325272306 0412156632308291704A094101TONGASS FCU            SUTTON BANK                    
5220SSA TREAS 310                       9101036669PPDNA        Sep 8 230830   1041215660000000
6223252723061347569324910    0000069700501116885ASSA  TEYUNNA L SPEARS      001041215660000000
705N1GDTEYUNNA L SPEARS N1BETEYUNNA L SPEARS 34501116885                           0100       
822000000200325272300000000000000000000697009101036669                         041215660000000
9000001000001000000010032527230000000000000000000069700                                       
9999999999999999999999999999999999999999999999999999999999999999999999999999999999999999999999
9999999999999999999999999999999999999999999999999999999999999999999999999999999999999999999999
9999999999999999999999999999999999999999999999999999999999999999999999999999999999999999999999
9999999999999999999999999999999999999999999999999999999999999999999999999999999999999999999999
9999999999999999999999999999999999999999999999999999999999999999999999999999999999999999999999