101 011002725 0110017262310050954A094101BERKSHIRE BANK         BROOKLINE BANK                 
5220FF4 US          FF4 US              0000000000IATNA        Oct 17230830   1011001720000000
6220110027252234532          0000100000               Sandeep                 1011001720000000
705ANN000000000000100000928383-23939 XYZ Enterprises                               01000000000
705XYZ Solutions 15 East Place Street                                              02000000000
705SmithTown*PA\ US*19306\                                                         03000000000
705Citibank 01231380104 US                                                         04000000000
705Standard Bank 01121042882 CA                                                    05000000000
7059874654932139872122 Front Street                                                06000000000
705BetterTown*AB\ CA*80015\                                                        07000000000
705Another international payment                                                   08000000000
705Bank of Canada 01456456456987988 CA                                             09000000000
822000001000011002720000000000000000001000000000000000                         011001720000000
9000001000001000000010001100272000000000000000000100000                                       
9999999999999999999999999999999999999999999999999999999999999999999999999999999999999999999999
9999999999999999999999999999999999999999999999999999999999999999999999999999999999999999999999
9999999999999999999999999999999999999999999999999999999999999999999999999999999999999999999999
9999999999999999999999999999999999999999999999999999999999999999999999999999999999999999999999
9999999999999999999999999999999999999999999999999999999999999999999999999999999999999999999999