101 011002725 1210428822310261449A094101BERKSHIRE BANK         WELLS FARGO BANK NA            
5220Dataseers       FF4 US              1022337788PPDAccounting      231025   1121042880000000
6230110027252234532          000010000045678654       Bank Client           551121042880000000
799R0401120175000000023102401100272011201750000000 011201750000000 011201750011121042880000000
822000000200011002720000000000000000001000001022337788                         121042880000000
9000001000001000000010001100272000000000000000000100000                                       
9999999999999999999999999999999999999999999999999999999999999999999999999999999999999999999999
9999999999999999999999999999999999999999999999999999999999999999999999999999999999999999999999
9999999999999999999999999999999999999999999999999999999999999999999999999999999999999999999999
9999999999999999999999999999999999999999999999999999999999999999999999999999999999999999999999
9999999999999999999999999999999999999999999999999999999999999999999999999999999999999999999999