101 231380104 1210428822310091720A094101CITADEL FED C U        WELLS FARGO BANK NA            
5200Company Name, In                    1210428820ADVAccounting      231006   1121042880000000
652231380104744-5678-99    000000050000121042882122   Name                    0123456780000001
652231380104744-5678-98    000000150000121042882222  1Name                    0123456780000002
820000000200462760200000000000000000002000001210428820                         121042880000000
9000001000001000000020046276020000000000000000000200000                                       
9999999999999999999999999999999999999999999999999999999999999999999999999999999999999999999999
9999999999999999999999999999999999999999999999999999999999999999999999999999999999999999999999
9999999999999999999999999999999999999999999999999999999999999999999999999999999999999999999999
9999999999999999999999999999999999999999999999999999999999999999999999999999999999999999999999