101 011002725 1210428822312041210A094101BERKSHIRE BANK         WELLS FARGO BANK NA            
5200Company Name, InFF4 US              1022337788CORAccounting      231025   1121042880000000
62301100272512345678         000000000045678654       0002Third Receiv      211121042880000000
798C01210121042880000      01100272this is demo check by pradeep               121042880000000
820000000200011002720000000000000000000000001022337788                         121042880000000
9000001000001000000010001100272000000000000000000000000                                       
9999999999999999999999999999999999999999999999999999999999999999999999999999999999999999999999
9999999999999999999999999999999999999999999999999999999999999999999999999999999999999999999999
9999999999999999999999999999999999999999999999999999999999999999999999999999999999999999999999
9999999999999999999999999999999999999999999999999999999999999999999999999999999999999999999999
9999999999999999999999999999999999999999999999999999999999999999999999999999999999999999999999